% [1]
@article{corner,
  doi = {10.21105/joss.00024},
  url = {https://doi.org/10.21105/joss.00024},
  year  = {2016},
  month = {jun},
  publisher = {The Open Journal},
  volume = {1},
  number = {2},
  pages = {24},
  author = {Daniel Foreman-Mackey},
  title = {corner.py: Scatterplot matrices in Python},
  journal = {The Journal of Open Source Software}
}

% [2]
@misc{corner_github,
  author = {Foreman-Mackey, Daniel},
  year = {2016},
  title = {Corner.py on Github},
  howpublished = {\url{https://github.com/dfm/corner.py}}
}

% [4]
@misc{corner_archive,
  author = {Zenodo Archive},
  year = {2016},
  title = {Corner.py: Scatterplot Matrices in Python},
  howpublished = {\url{http://dx.doi.org/10.5281/zenodo.53155}},
  doi = {10.5281/zenodo.53155}
}

% [5]
@ARTICLE{Hinton2016,
  author = {{Hinton}, S.~R.},
   title = "{ChainConsumer}",
  journal = {The Journal of Open Source Software},
  year = 2016,
  month = aug,
  volume = 1,
  eid = {00045},
  pages = {00045},
  doi = {10.21105/joss.00045},
  adsurl = {http://adsabs.harvard.edu/abs/2016JOSS....1...45H},
}

% [6]
@misc{pairplotsjl,
  author       = {William Thompson},
  title        = {PairPlots.jl:  Beautiful and flexible visualizations of high dimensional data},
  year         = {2021},
  howpublished = {\url{https://github.com/sefffal/PairPlots.jl}},
  note         = {Accessed: 2025-01-12}
}

% [7]
@misc{seaborn,
  author       = {Michael Waskom},
  title        = {seaborn: statistical data visualization},
  year         = {2012},
  howpublished = {\url{https://github.com/mwaskom/seaborn}},
  note         = {Accessed: 2025-01-12}
}

% [8]
@misc{cornerhex,
  author       = { Sebastian Stammler },
  title        = {cornerhex},
  year         = {2023},
  howpublished = {\url{https://github.com/stammler/cornerhex}},
  note         = {Accessed: 2025-01-12}
}

% [9]
@article{Carr_1987,
 ISSN = {01621459, 1537274X},
 URL = {http://www.jstor.org/stable/2289444},
 abstract = {High-performance interaction with scatterplot matrices...},
 author = {D. B. Carr and R. J. Littlefield and W. L. Nicholson and J. S. Littlefield},
 journal = {Journal of the American Statistical Association},
 number = {398},
 pages = {424--436},
 publisher = {[American Statistical Association, Taylor & Francis, Ltd.]},
 title = {Scatterplot Matrix Techniques for Large N},
 urldate = {2025-01-13},
 volume = {82},
 year = {1987}
}

@ARTICLE{Blunt_2017,
       author = {{Blunt}, Sarah and {Nielsen}, Eric L. and {De Rosa}, Robert J. and {Konopacky}, Quinn M. and {Ryan}, Dominic and {Wang}, Jason J. and {Pueyo}, Laurent and {Rameau}, Julien and {Marois}, Christian and {Marchis}, Franck and {Macintosh}, Bruce and {Graham}, James R. and {Duch{\^e}ne}, Gaspard and {Schneider}, Adam C.},
        title = "{Orbits for the Impatient: A Bayesian Rejection-sampling Method for Quickly Fitting the Orbits of Long-period Exoplanets}",
      journal = {\aj},
     keywords = {methods: statistical, planets and satellites: fundamental parameters, stars: imaging, Astrophysics - Earth and Planetary Astrophysics},
         year = 2017,
        month = may,
       volume = {153},
       number = {5},
          eid = {229},
        pages = {229},
          doi = {10.3847/1538-3881/aa6930},
archivePrefix = {arXiv},
       eprint = {1703.10653},
 primaryClass = {astro-ph.EP},
       adsurl = {https://ui.adsabs.harvard.edu/abs/2017AJ....153..229B},
      adsnote = {Provided by the SAO/NASA Astrophysics Data System}
}



@ARTICLE{Magnusson_1986,
       author = {{Magnusson}, P.},
        title = "{Distribution of spin axes and senses of rotation for 20 large asteroids}",
      journal = {\icarus},
     keywords = {Asteroids, Axes Of Rotation, Planetary Rotation, Least Squares Method, Light Curve, Poles, Stellar Occultation, ASTEROIDS, DISTRIBUTION, SPIN AXES, ROTATION, LAETITIA, DAPHNE, NYSA, STATISTICAL ANALYSIS, CATALOG, ANGULAR VELOCITY, PHYSICAL PROPERTIES, TECHNIQUES, ASTRONOMY, PROCEDURE, CALCULATIONS, MODELS, COMPARISONS, LIGHTCURVES, PALLAS, NUMERICAL METHODS, JUNO, VESTA, HEBE, IRIS, EUNOMIA, PSYCHE, MASSALIA, AMPHITRITE, FIDES, AUSONIA, ANTIGONE, KLEOPATRA, DEMBOWSKA, ELEONORA, HEKTOR},
         year = 1986,
        month = oct,
       volume = {68},
       number = {1},
        pages = {1-39},
          doi = {10.1016/0019-1035(86)90072-2},
       adsurl = {https://ui.adsabs.harvard.edu/abs/1986Icar...68....1M},
      adsnote = {Provided by the SAO/NASA Astrophysics Data System}
}

@ARTICLE{Damiano_2023,
       author = {{Damiano}, Mario and {Hu}, Renyu and {Mennesson}, Bertrand},
        title = "{Reflected Spectroscopy of Small Exoplanets. III. Probing the UV Band to Measure Biosignature Gases}",
      journal = {\aj},
     keywords = {Exoplanet atmospheric composition, Exoplanet atmospheres, Bayesian statistics, Bayes' Theorem, Posterior distribution, Prior distribution, Extrasolar rocky planets, 2021, 487, 1900, 1924, 1926, 1927, 511, Astrophysics - Earth and Planetary Astrophysics, Astrophysics - Instrumentation and Methods for Astrophysics},
         year = 2023,
        month = oct,
       volume = {166},
       number = {4},
          eid = {157},
        pages = {157},
          doi = {10.3847/1538-3881/acefd3},
archivePrefix = {arXiv},
       eprint = {2308.08490},
 primaryClass = {astro-ph.EP},
       adsurl = {https://ui.adsabs.harvard.edu/abs/2023AJ....166..157D},
      adsnote = {Provided by the SAO/NASA Astrophysics Data System}
}

@ARTICLE{Hogg_2010,
       author = {{Hogg}, David W. and {Bovy}, Jo and {Lang}, Dustin},
        title = "{Data analysis recipes: Fitting a model to data}",
      journal = {arXiv e-prints},
     keywords = {Astrophysics - Instrumentation and Methods for Astrophysics, Physics - Data Analysis, Statistics and Probability},
         year = 2010,
        month = aug,
          eid = {arXiv:1008.4686},
        pages = {arXiv:1008.4686},
          doi = {10.48550/arXiv.1008.4686},
archivePrefix = {arXiv},
       eprint = {1008.4686},
 primaryClass = {astro-ph.IM},
       adsurl = {https://ui.adsabs.harvard.edu/abs/2010arXiv1008.4686H},
      adsnote = {Provided by the SAO/NASA Astrophysics Data System}
}

